@BOOK{topPtReweighting,
	title = {{B}ook {T}itle},
	publisher = {Publisher},
	author = {Smith, J.~M. and Jones, A.~B.},
	year = {2012},
	edition = {7th},
}

@ARTICLE{Smith:2013jd,
	author = {Jones, A.~B. and Smith, J.~M.},
	title = {{A}rticle {T}itle},
	journal = {Journal title},
	year = {2013},
	volume = {13},
	pages = {123-456},
	number = {52},
	month = {March},
	publisher = {Publisher}
}

@article{CMS:2016qtx,
      author         = "CMS Collaboration",
      title          = "{Search for direct top squark pair production in the
                        single lepton final state at $\sqrt{s}=13~\mathrm{TeV}$}",
      collaboration  = "CMS",
      year           = "2016",
      volume   = "CMS-PAS-SUS-16-002",
      SLACcitation   = "%%CITATION = CMS-PAS-SUS-16-002;%%"
}

@article{CMS:2016vew,
      author         = "CMS Collaboration",
      title          = "{Search for direct top squark pair production in the
                        single lepton final state at $\sqrt{s}=13~\mathrm{TeV}$}",
      collaboration  = "CMS",
      year           = "2016",
      reportNumber   = "CMS-PAS-SUS-16-028",
      SLACcitation   = "%%CITATION = CMS-PAS-SUS-16-028;%%"
}

@article{Sirunyan:2017xse,
      author         = "Sirunyan, Albert M and others [CMS Collaboration]",
      title          = "{Search for top squark pair production in pp collisions
                        at sqrt(s)=13 TeV using single lepton events}",
      collaboration  = "CMS",
      year           = "2017",
      eprint         = "1706.04402",
      archivePrefix  = "arXiv",
      journal        = "arXiv:1706.04402",
      primaryClass   = "hep-ex",
      reportNumber   = "CMS-SUS-16-051, CERN-EP-2017-109",
      SLACcitation   = "%%CITATION = ARXIV:1706.04402;%%"
}

@article{Sirunyan:2016jpr,
      author         = "Sirunyan, Albert M and others [CMS Collaboration]",
      title          = "{Searches for pair production of third-generation squarks
                        in $\sqrt{s}=13$~TeV pp collisions}",
      collaboration  = "CMS",
      journal        = "arXiv:1612.03877, Eur. Phys. J.",
      volume         = "C77",
      year           = "2017",
      number         = "5",
      pages          = "327",
      doi            = "10.1140/epjc/s10052-017-4853-2",
      eprint         = "1612.03877",
      archivePrefix  = "arXiv",
      primaryClass   = "hep-ex",
      reportNumber   = "CMS-SUS-16-008, CERN-EP-2016-284",
      SLACcitation   = "%%CITATION = ARXIV:1612.03877;%%"
}


@article{Groom:2000sm,
      author         = "Groom, Donald E. and Klein, S. R.",
      title          = "{Passage of particles through matter: in Review of
                        Particle Physics (RPP 2000)}",
      journal        = "Eur. Phys. J.",
      volume         = "C15",
      year           = "2000",
      pages          = "163-173",
      doi            = "10.1007/BF02683419",
      SLACcitation   = "%%CITATION = EPHJA,C15,163;%%"
}

@article{French:2001xb,
      author         = "French, M. J. and others",
      title          = "{Design and results from the APV25, a deep sub-micron
                        CMOS front-end chip for the CMS tracker}",
      booktitle      = "{Development and application of semiconductor tracking
                        detectors. Proceedings, 4th International Symposium,
                        Hiroshima, Japan, March 22-25, 2000}",
      journal        = "Nucl. Instrum. Meth.",
      volume         = "A466",
      year           = "2001",
      pages          = "359-365",
      doi            = "10.1016/S0168-9002(01)00589-7",
      SLACcitation   = "%%CITATION = NUIMA,A466,359;%%"
}

@article{Ball:2007zza,
      author         = "Bayatian, G. L. and others",
      title          = "{CMS technical design report, volume II: Physics
                        performance}",
      collaboration  = "CMS",
      journal        = "J. Phys.",
      volume         = "G34",
      year           = "2007",
      number         = "6",
      pages          = "995-1579",
      doi            = "10.1088/0954-3899/34/6/S01",
      reportNumber   = "CERN-LHCC-2006-021, CMS-TDR-008-2",
      SLACcitation   = "%%CITATION = JPAGA,G34,995;%%"
}

@inproceedings{Baird:2002wg,
      author         = "Baird, S. A. and others",
      title          = "{The front-end driver card for the CMS silicon strip
                        tracker readout}",
      booktitle      = "{8th Workshop on Electronics for LHC Experiments, Colmar,
                        France, September 9-13, 2002}",
      year           = "2002",
      pages          = "296-300",
      SLACcitation   = "%%CITATION = INSPIRE-605990;%%"
}

@article{Chatrchyan:2014fea,
      author         = "Chatrchyan, Serguei and others",
      title          = "{Description and performance of track and primary-vertex
                        reconstruction with the CMS tracker}",
      collaboration  = "CMS",
      journal        = "JINST",
      volume         = "9",
      year           = "2014",
      number         = "10",
      pages          = "P10009",
      doi            = "10.1088/1748-0221/9/10/P10009",
      eprint         = "1405.6569",
      archivePrefix  = "arXiv",
      primaryClass   = "physics.ins-det",
      reportNumber   = "CMS-TRK-11-001, CERN-PH-EP-2014-070",
      SLACcitation   = "%%CITATION = ARXIV:1405.6569;%%"
}

@article{Fruhwirth:1987fm,
      author         = "Fruhwirth, R.",
      title          = "{Application of Kalman filtering to track and vertex
                        fitting}",
      journal        = "Nucl. Instrum. Meth.",
      volume         = "A262",
      year           = "1987",
      pages          = "444-450",
      doi            = "10.1016/0168-9002(87)90887-4",
      reportNumber   = "HEPHY-PUB-87-503",
      SLACcitation   = "%%CITATION = NUIMA,A262,444;%%"
}

@article{Ramo:1939vr,
      author         = "Ramo, Simon",
      title          = "{Currents induced by electron motion}",
      journal        = "Proc. Ire.",
      volume         = "27",
      year           = "1939",
      pages          = "584-585",
      doi            = "10.1109/JRPROC.1939.228757",
      reportNumber   = "RX-1548",
      SLACcitation   = "%%CITATION = PIREA,27,584;%%"
}

@article{doi:10.1063/1.1710367,
author = {W. Shockley},
title = {Currents to Conductors Induced by a Moving Point Charge},
journal = {Journal of Applied Physics},
volume = {9},
number = {10},
pages = {635-636},
year = {1938},
doi = {10.1063/1.1710367},

URL = { 
        https://doi.org/10.1063/1.1710367
    
},
eprint = { 
        https://doi.org/10.1063/1.1710367
    
}

}

@phdthesis{Bloch:2007zza,
      author         = "Bloch, Christoph",
      title          = "{Studies for the commissioning of the CERN CMS silicon
                        strip tracker}",
      school         = "Vienna, Tech. U.",
      year           = "2008",
      url            = "http://weblib.cern.ch/abstract?CERN-THESIS-2008-004",
      reportNumber   = "CERN-THESIS-2008-004",
      SLACcitation   = "%%CITATION = CERN-THESIS-2008-004;%%"
}

@article{Lutz:1987wd,
      author         = "Lutz, G.",
      title          = "{Correlated Noise in Silicon Strip Detector Readout}",
      journal        = "Nucl. Instrum. Meth.",
      volume         = "A309",
      year           = "1991",
      pages          = "545-551",
      doi            = "10.1016/0168-9002(91)90260-W",
      reportNumber   = "MPI-PAE-EXP-EL-173",
      SLACcitation   = "%%CITATION = NUIMA,A309,545;%%"
}
@article{Barberis:1993ph,
      author         = "Barberis, E. and others",
      title          = "{Capacitances in silicon microstrip detectors}",
      booktitle      = "{Development and application of semiconductor tracking
                        detectors. Proceedings, 1st International Symposium,
                        Hiroshima, Japan, May 22-24, 1993}",
      journal        = "Nucl. Instrum. Meth.",
      volume         = "A342",
      year           = "1994",
      pages          = "90-95",
      doi            = "10.1016/0168-9002(94)91414-1",
      reportNumber   = "SCIPP-93-16",
      SLACcitation   = "%%CITATION = NUIMA,A342,90;%%"
}

@misc{website:noise,
      author = "H. Spieler",
      title = "Pulse processing and analysis.",
      howpublished = "\url{http://www-physics.lbl.gov/~spieler/NSS_short-course/NSS02_Pulse_Processing.pdf}"
}


@article{Adam:2005pz,
      author         = "Adam, W. and others",
      title          = "{The effect of highly ionising particles on the CMS
                        silicon strip tracker}",
      collaboration  = "CMS Tracker",
      journal        = "Nucl. Instrum. Meth.",
      volume         = "A543",
      year           = "2005",
      number         = "2-3",
      pages          = "463-482",
      doi            = "10.1016/j.nima.2004.11.049",
      SLACcitation   = "%%CITATION = NUIMA,A543,463;%%"
}

@article{Huhtinen:2000nk,
      author         = "Huhtinen, M. and Faccio, F.",
      title          = "{Computational method to estimate single event upset
                        rates in an accelerator environment}",
      journal        = "Nucl. Instrum. Meth.",
      volume         = "A450",
      year           = "2000",
      pages          = "155-172",
      doi            = "10.1016/S0168-9002(00)00155-8",
      SLACcitation   = "%%CITATION = NUIMA,A450,155;%%"
}

@phdthesis{Bainbridge:2004jc,
      author         = "Bainbridge, Robert John",
      title          = "{Influence of highly ionising event events on the CMS
                        APV25 readout chip}",
      school         = "Imperial Coll., London",
      year           = "2004",
      url            = "http://weblib.cern.ch/abstract?CERN-THESIS-2004-032",
      reportNumber   = "CERN-THESIS-2004-032",
      SLACcitation   = "%%CITATION = CERN-THESIS-2004-032;%%"
}

@phdthesis{Gennai:2003as,
      author         = "Gennai, Simone",
      title          = "{Search for a graviscalar particle of the Randall-Sundrum
                        model with the CMS experiment at LHC}",
      school         = "Pisa, Scuola Normale Superiore",
      year           = "2003",
      url            = "http://inspirehep.net/record/623613/files/CERN-THESIS-2009-091.pdf",
      reportNumber   = "CERN-THESIS-2009-091",
      SLACcitation   = "%%CITATION = CERN-THESIS-2009-091;%%"
}



@article{Huhtinen:2002yda,
      author         = "Huhtinen, Mika",
      title          = "{Highly ionising events in silicon detectors}",
      year           = "2002",
      journal   = "CMS-NOTE-2002-011, CERN-CMS-NOTE-2002-011",
      SLACcitation   = "%%CITATION = CMS-NOTE-2002-011;%%"
}

@phdthesis{Friedl:2001kra,
      author         = "Friedl, M.",
      title          = "{The CMS silicon strip tracker and its electronic
                        readout}",
      school         = "Vienna, Tech. U.",
      year           = "2001",
      url            = "http://inspirehep.net/record/887364/files/cer-002474265.pdf",
      SLACcitation   = "%%CITATION = INSPIRE-887364;%%"
}

@misc{website:VRtrigger,
      author = "E. Butz",
      title = "Virgin Raw Data Taking",
      howpublished = "\url{https://indico.cern.ch/event/512685/contributions/2167961/attachments/1273330/1887985/virgin_raw_test_2016_ebutz.pdf}"
}

@article{Bainbridge:2002bda,
      author         = "Bainbridge, Robert and Chierici, Roberto and Hall,
                        Geoffrey and Mirabito, Laurent and Raymond, M.",
      title          = "{The Effect of Highly Ionising Events on the APV25
                        Readout Chip}",
      year           = "2002",
      journal  = "CMS-NOTE-2002-038, CERN-CMS-NOTE-2002-038",
      SLACcitation   = "%%CITATION = CMS-NOTE-2002-038;%%"
}

@misc{website:hitEff,
      author = "CMS Collaboration",
      title = "StripsOfflinePlots2016",
      howpublished = "\url{https://twiki.cern.ch/twiki/bin/viewauth/CMS/StripsOfflinePlots2016}"
}

@misc{website:slidesTracking,
      author = "CMS Collaboration",
      title = "Tracking@CMS",
      howpublished = "\url{https://indico.cern.ch/event/615859/contributions/2485248/attachments/1517681/2369343/TrackingPOS17.pdf}"
}

@misc{website:twikiTracking,
      author = "CMS Collaboration",
      title = "Track Reconstruction Sequences",
      howpublished = "\url{https://twiki.cern.ch/twiki/bin/view/CMSPublic/SWGuideTrackRecoSequences}"
}

@article{Tomalin:2003aaa,
      author         = "Tomalin, Ian R",
      title          = "{Test-Beam Analysis of the Effect of Highly Ionising
                        Particles on the Silicon Strip Tracker}",
      year           = "2003",
      journal   = "CERN-CMS-NOTE-2003-025, CMS-NOTE-2003-025",
      SLACcitation   = "%%CITATION = CERN-CMS-NOTE-2003-025;%%"
}


@misc{website:sensor,
      author = "Istituto Nazionale di Fisica Nucleare",
      title = "Detector prototypes",
      howpublished = "\url{http://hep.fi.infn.it/CMS/sensors/Siliconpage.html}"
}

@unpublished{CERN-Brochure-2017-002-Eng,
      title         = "{LHC Guide}",
      month         = "Mar",
      year          = "2017",
      reportNumber  = "CERN-Brochure-2017-002-Eng",
      url           = "https://cds.cern.ch/record/2255762",
}

@article{Aad:2008zzm,
      author         = "Aad, G. and others",
      title          = "{The ATLAS Experiment at the CERN Large Hadron Collider}",
      collaboration  = "ATLAS",
      journal        = "JINST",
      volume         = "3",
      year           = "2008",
      pages          = "S08003",
      doi            = "10.1088/1748-0221/3/08/S08003",
      SLACcitation   = "%%CITATION = JINST,3,S08003;%%"
}

@article{Chatrchyan:2008aa,
      author         = "Chatrchyan, S. and others",
      title          = "{The CMS Experiment at the CERN LHC}",
      collaboration  = "CMS",
      journal        = "JINST",
      volume         = "3",
      year           = "2008",
      pages          = "S08004",
      doi            = "10.1088/1748-0221/3/08/S08004",
      SLACcitation   = "%%CITATION = JINST,3,S08004;%%"
}

@article{Aamodt:2008zz,
      author         = "Aamodt, K. and others",
      title          = "{The ALICE experiment at the CERN LHC}",
      collaboration  = "ALICE",
      journal        = "JINST",
      volume         = "3",
      year           = "2008",
      pages          = "S08002",
      doi            = "10.1088/1748-0221/3/08/S08002",
      SLACcitation   = "%%CITATION = JINST,3,S08002;%%"
}

@article{Alves:2008zz,
      author         = "Alves, Jr., A. Augusto and others",
      title          = "{The LHCb Detector at the LHC}",
      collaboration  = "LHCb",
      journal        = "JINST",
      volume         = "3",
      year           = "2008",
      pages          = "S08005",
      doi            = "10.1088/1748-0221/3/08/S08005",
      SLACcitation   = "%%CITATION = JINST,3,S08005;%%"
}

@article{Evans:2008zzb,
      author         = "Evans, Lyndon and Bryant, Philip",
      title          = "{LHC Machine}",
      journal        = "JINST",
      volume         = "3",
      year           = "2008",
      pages          = "S08001",
      doi            = "10.1088/1748-0221/3/08/S08001",
      SLACcitation   = "%%CITATION = JINST,3,S08001;%%"
}

@article{Adriani:2008zz,
      author         = "Adriani, O. and others",
      title          = "{The LHCf detector at the CERN Large Hadron Collider}",
      collaboration  = "LHCf",
      journal        = "JINST",
      volume         = "3",
      year           = "2008",
      pages          = "S08006",
      doi            = "10.1088/1748-0221/3/08/S08006",
      SLACcitation   = "%%CITATION = JINST,3,S08006;%%"
}

@article{Anelli:2008zza,
      author         = "Anelli, G. and others",
      title          = "{The TOTEM experiment at the CERN Large Hadron Collider}",
      collaboration  = "TOTEM",
      journal        = "JINST",
      volume         = "3",
      year           = "2008",
      pages          = "S08007",
      doi            = "10.1088/1748-0221/3/08/S08007",
      SLACcitation   = "%%CITATION = JINST,3,S08007;%%"
}

@article{Acharya:2014nyr,
      author         = "Acharya, B. and others",
      title          = "{The Physics Programme Of The MoEDAL Experiment At The
                        LHC}",
      collaboration  = "MoEDAL",
      journal        = "Int. J. Mod. Phys.",
      volume         = "A29",
      year           = "2014",
      pages          = "1430050",
      doi            = "10.1142/S0217751X14300506",
      eprint         = "1405.7662",
      archivePrefix  = "arXiv",
      primaryClass   = "hep-ph",
      reportNumber   = "KCL-PH-TH-2014-02, LCTS-2014-02, CERN-PH-TH-2014-021,
                        IFIC-14-16, IMPERIAL-TP-2014-AR-1",
      SLACcitation   = "%%CITATION = ARXIV:1405.7662;%%"
}

@article{Mobs:2225847,
      author        = "Mobs, Esma Anais",
      title         = "{The CERN accelerator complex. Complexe des
                       accélérateurs du CERN}",
      month         = "Oct",
      year          = "2016",
      reportNumber  = "OPEN-PHO-ACCEL-2016-013",
      url           = "https://cds.cern.ch/record/2225847",
      note          = "General Photo",
}

@book{CMSproposal,
      title         = "{Technical proposal}",
      publisher     = "CERN",
      collaboration = "CMS Collaboration",
      address       = "Geneva",
      series        = "LHC Tech. Proposal",
      year          = "1994",
      url           = "http://cds.cern.ch/record/290969",
      note          = "Cover title : CMS, the Compact Muon Solenoid : technical
                       proposal",
}


@misc{website:CMSdet,
      author = "CMS Collaboration",
      title = "CMS detector design,",
      howpublished = "\url{http://cms.web.cern.ch/news/cms-detector-design}"
}

@phdthesis{Pantaleo:2293435,
      author        = "Pantaleo, Felice and Schmidt, Alexander and Innocente,
                       Vincenzo and Hegner, Benedikt and Pfeiffer, Andreas and
                       Andre, Jean-Marc Olivier",
      title         = "{New Track Seeding Techniques for the CMS Experiment}",
      year          = "2017",
      url           = "https://cds.cern.ch/record/2293435",
}

@misc{website:CMSlumi,
      author = "CMS Collaboration",
      title = "CMS Luminosity,",
      howpublished = "\url{https://twiki.cern.ch/twiki/bin/view/CMSPublic/LumiPublicResults}"
}

@book{tdrMagnet,
      title         = "{The CMS magnet project: Technical Design Report}",
      publisher     = "CERN",
      collaboration = "CMS Collaboration",
      address       = "Geneva",
      series        = "Technical Design Report CMS",
      year          = "1997",
      url           = "http://cds.cern.ch/record/331056",
}

@book{tdrECAL,
      title         = "{The CMS electromagnetic calorimeter project: Technical
                       Design Report}",
      publisher     = "CERN",
      collaboration = "CMS Collaboration",
      address       = "Geneva",
      series        = "Technical Design Report CMS",
      year          = "1997",
      url           = "https://cds.cern.ch/record/349375",
}

@book{tdrHCAL,
      title         = "{The CMS hadron calorimeter project: Technical Design
                       Report}",
      publisher     = "CERN",
      collaboration = "CMS Collaboration",
      address       = "Geneva",
      series        = "Technical Design Report CMS",
      year          = "1997",
      url           = "http://cds.cern.ch/record/357153",
}

@article{Chatrchyan:2009ag,
      author         = "Chatrchyan, S and others",
      title          = "{Performance of the CMS Hadron Calorimeter with Cosmic
                        Ray Muons and LHC Beam Data}",
      collaboration  = "CMS",
      journal        = "JINST",
      volume         = "5",
      year           = "2010",
      pages          = "T03012",
      doi            = "10.1088/1748-0221/5/03/T03012",
      eprint         = "0911.4991",
      archivePrefix  = "arXiv",
      primaryClass   = "physics.ins-det",
      reportNumber   = "CMS-CFT-09-009",
      SLACcitation   = "%%CITATION = ARXIV:0911.4991;%%"
}

@book{tdrMuon,
      title         = "{The CMS muon project: Technical Design Report}",
      publisher     = "CERN",
      collaboration = "CMS Collaboration",
      address       = "Geneva",
      series        = "Technical Design Report CMS",
      year          = "1997",
      url           = "http://cds.cern.ch/record/343814",
}

@article{Traczyk:1365029,
      author        = "Traczyk, Piotr",
      title         = "{Collision and Cosmic Muon Timing Measurement}",
      month         = "Apr",
      year          = "2010",
      reportNumber  = "CMS-IN-2010-013",
      url           = "https://cds.cern.ch/record/1365029",
}

@article{Sirunyan:2017ulk,
      author         = "Sirunyan, A. M. and others",
      title          = "{Particle-flow reconstruction and global event
                        description with the CMS detector}",
      collaboration  = "CMS",
      journal        = "JINST",
      volume         = "12",
      year           = "2017",
      number         = "10",
      pages          = "P10003",
      doi            = "10.1088/1748-0221/12/10/P10003",
      eprint         = "1706.04965",
      archivePrefix  = "arXiv",
      primaryClass   = "physics.ins-det",
      reportNumber   = "CMS-PRF-14-001, CERN-EP-2017-110",
      SLACcitation   = "%%CITATION = ARXIV:1706.04965;%%"
}

@article{Bell:2009hr,
      author         = "Bell, Alan James and others",
      title          = "{Fast Beam Conditions Monitor BCM1F for the CMS
                        Experiment}",
      journal        = "Nucl. Instrum. Meth.",
      volume         = "A614",
      year           = "2010",
      pages          = "433-438",
      doi            = "10.1016/j.nima.2009.12.056",
      eprint         = "0911.2480",
      archivePrefix  = "arXiv",
      primaryClass   = "physics.ins-det",
      reportNumber   = "DESY-09-178, CMS-NOTE-2009-018, CERN-CMS-NOTE-2009-018",
      SLACcitation   = "%%CITATION = ARXIV:0911.2480;%%"
}

@article{Pralavorio:2272474,
      author        = "by Corinne Pralavorio and Corinne Pralavorio",
      title         = "{The LHC racks up records}",
      month         = "Jun",
      year          = "2017",
      url           = "https://cds.cern.ch/record/2272474",
}

@article{Bayatian:2006nff,
      author         = "Bayatian, G. L. and others",
      title          = "{CMS Physics}",
      collaboration  = "CMS",
      year           = "2006",
      reportNumber   = "CERN-LHCC-2006-001, CMS-TDR-8-1",
      SLACcitation   = "%%CITATION = CERN-LHCC-2006-001;%%"
}

@article{CMS:1997tlf,
      author         = "Karimäki, V.",
      editor         = "Mannelli, M. and Siegrist, P. and Breuker, H. and Caner,
                        A. and Castaldi, R. and Freudenreich, K. and Hall, G. and
                        Horisberger, R. and Huhtinen, M. and Cattai, A.",
      title          = "{The CMS tracker system project}",
      collaboration  = "CMS",
      year           = "1997",
      reportNumber   = "CERN-LHCC-98-006, CMS-TDR-5",
      SLACcitation   = "%%CITATION = CERN-LHCC-98-006;%%"
}

@article{CMS:2000eqx,
      author         = "CERN. Geneva. LHC Experiments Committee",
      title          = "{The CMS tracker}",
      collaboration  = "CMS",
      year           = "2000",
      reportNumber   = "CERN-LHCC-2000-016, CMS-TDR-5-add-1",
      SLACcitation   = "%%CITATION = CERN-LHCC-2000-016;%%"
}


@misc{website:hephyPage,
      author = "Markus Friedl",
      title = "Strip Detector",
      howpublished = "\url{http://www.hephy.at/user/friedl/diss/html/node28.html}"
}

@article{Cacciari:2008gp,
      author         = "Cacciari, Matteo and Salam, Gavin P. and Soyez, Gregory",
      title          = "{The Anti-k(t) jet clustering algorithm}",
      journal        = "JHEP",
      volume         = "04",
      year           = "2008",
      pages          = "063",
      doi            = "10.1088/1126-6708/2008/04/063",
      eprint         = "0802.1189",
      archivePrefix  = "arXiv",
      primaryClass   = "hep-ph",
      reportNumber   = "LPTHE-07-03",
      SLACcitation   = "%%CITATION = ARXIV:0802.1189;%%"
}

@article{CMS:2016ljj,
      author         = "CMS Collaboration",
      title          = "{Performance of missing energy reconstruction in 13 TeV
                        pp collision data using the CMS detector}",
      collaboration  = "CMS",
      year           = "2016",
      reportNumber   = "CMS-PAS-JME-16-004",
      SLACcitation   = "%%CITATION = CMS-PAS-JME-16-004;%%"
}

@techreport{Petrucciani:2029414,
      author        = "Petrucciani, G. and Rizzi, A. and Vuosalo, C.",
      title         = "{Mini-AOD: A New Analysis Data Format for CMS. A new
                       analysis data format for CMS}",
      institution   = "CERN",
      collaboration = "CMS Collaboration",
      address       = "Geneva",
      number        = "CMS-CR-2015-052. 7",
      month         = "May",
      year          = "2015",
      reportNumber  = "CMS-CR-2015-052",
      url           = "https://cds.cern.ch/record/2029414",
      note          = "6 pages, 4 figures, presented at the 21st International
                       Conference on Computing in High Energy and Nuclear Physics
                       (CHEP2015). Author list revised to properly note the CMS
                       Collaboration",
}

@article{Chatrchyan:2012xi,
      author         = "Chatrchyan, Serguei and others",
      title          = "{Performance of CMS muon reconstruction in $pp$ collision
                        events at $\sqrt{s}=7$ TeV}",
      collaboration  = "CMS",
      journal        = "JINST",
      volume         = "7",
      year           = "2012",
      pages          = "P10002",
      doi            = "10.1088/1748-0221/7/10/P10002",
      eprint         = "1206.4071",
      archivePrefix  = "arXiv",
      primaryClass   = "physics.ins-det",
      reportNumber   = "CMS-MUO-10-004, CERN-PH-EP-2012-173",
      SLACcitation   = "%%CITATION = ARXIV:1206.4071;%%"
}

@article{Khachatryan:2015iwa,
      author         = "Khachatryan, Vardan and others",
      title          = "{Performance of Photon Reconstruction and Identification
                        with the CMS Detector in Proton-Proton Collisions at sqrt(s) = 8 TeV}",
      collaboration  = "CMS",
      journal        = "JINST",
      volume         = "10",
      year           = "2015",
      number         = "08",
      pages          = "P08010",
      doi            = "10.1088/1748-0221/10/08/P08010",
      eprint         = "1502.02702",
      archivePrefix  = "arXiv",
      primaryClass   = "physics.ins-det",
      reportNumber   = "CMS-EGM-14-001, CERN-PH-EP-2015-006",
      SLACcitation   = "%%CITATION = ARXIV:1502.02702;%%"
}

@article{Sirunyan:2017ezt,
      author         = "Sirunyan, Albert M and others",
      title          = "{Identification of heavy-flavour jets with the CMS
                        detector in pp collisions at 13 TeV}",
      collaboration  = "CMS",
      journal        = "Submitted to: JINST",
      year           = "2017",
      eprint         = "1712.07158",
      archivePrefix  = "arXiv",
      primaryClass   = "physics.ins-det",
      reportNumber   = "CMS-BTV-16-002, CERN-EP-2017-326",
      SLACcitation   = "%%CITATION = ARXIV:1712.07158;%%"
}

@article{CMS:2016gvn,
      author         = "CMS Collaboration",
      title          = "{Performance of reconstruction and identification of tau
                        leptons in their decays to hadrons and tau neutrino in LHC
                        Run-2}",
      collaboration  = "CMS",
      year           = "2016",
      reportNumber   = "CMS-PAS-TAU-16-002",
      SLACcitation   = "%%CITATION = CMS-PAS-TAU-16-002;%%"
}


@article{Khachatryan:2015hwa,
      author         = "Khachatryan, Vardan and others",
      title          = "{Performance of Electron Reconstruction and Selection
                        with the CMS Detector in Proton-Proton Collisions at
                        sqrt(s) = 8  TeV}",
      collaboration  = "CMS",
      journal        = "JINST",
      volume         = "10",
      year           = "2015",
      number         = "06",
      pages          = "P06005",
      doi            = "10.1088/1748-0221/10/06/P06005",
      eprint         = "1502.02701",
      archivePrefix  = "arXiv",
      primaryClass   = "physics.ins-det",
      reportNumber   = "CMS-EGM-13-001, CERN-PH-EP-2015-004",
      SLACcitation   = "%%CITATION = ARXIV:1502.02701;%%"
}

@article{CMS:2012sda,
      author         = "Matzner Dominguez, David Aaron and Abbaneo, D. and Arndt,
                        K. and Bacchetta, N. and Ball, A. and Bartz, E. and Bertl,
                        W. and Bilei, G. M. and Bolla, G. and Cheung, H. W. K. and
                        others ",
      title          = "{CMS Technical Design Report for the Pixel Detector
                        Upgrade}",
      collaboration  = "CMS",
      doi            = "10.2172/1151650",
      year           = "2012",
      reportNumber   = "CERN-LHCC-2012-016, CMS-TDR-011, FERMILAB-DESIGN-2012-02",
      SLACcitation   = "%%CITATION = CERN-LHCC-2012-016;%%"
}

@article{TRK-11-001,
      author         = "Chatrchyan, Serguei and others",
      title          = "{Description and performance of track and
                        primary-vertex reconstruction with the CMS
                        tracker}",
      collaboration  = "CMS",
      journal           = "JINST",
      volume          = "9",
      pages           = "P10009",
      doi            = "10.1088/1748-0221/9/10/P10009",
      year           = "2014",
      eprint         = "1405.6569",
      archivePrefix  = "arXiv",
      primaryClass   = "physics.ins-det",
      reportNumber   = "CMS-TRK-11-001, CERN-PH-EP-2014-070",
      SLACcitation   = "%%CITATION = ARXIV:1405.6569;%%",
}

@article{Chatrchyan:2013sba,
      author         = "Chatrchyan, Serguei and others",
      title          = "{The performance of the CMS muon detector in
                        proton-proton collisions at sqrt(s) = 7 TeV at the LHC}",
      collaboration  = "CMS",
      journal        = "JINST",
      volume         = "8",
      year           = "2013",
      pages          = "P11002",
      doi            = "10.1088/1748-0221/8/11/P11002",
      eprint         = "1306.6905",
      archivePrefix  = "arXiv",
      primaryClass   = "physics.ins-det",
      reportNumber   = "CMS-MUO-11-001, CERN-PH-EP-2013-072",
      SLACcitation   = "%%CITATION = ARXIV:1306.6905;%%"
}

@article{Khachatryan:2016kdb,
      author         = "Khachatryan, Vardan and others",
      title          = "{Jet energy scale and resolution in the CMS experiment in
                           pp collisions at 8 TeV}",
      collaboration  = "CMS",
      journal        = "JINST",
      volume         = "12",
      year           = "2017",
      pages          = "P02014",
      doi            = "10.1088/1748-0221/12/02/P02014",
      eprint         = "1607.03663",
      archivePrefix  = "arXiv",
      primaryClass   = "hep-ex",
      reportNumber   = "CMS-JME-13-004, CERN-PH-EP-2015-305",
      SLACcitation   = "%%CITATION = ARXIV:1607.03663;%%"
}

@article{Cacciari:2011ma,
      author         = "Cacciari, Matteo and Salam, Gavin P. and Soyez, Gregory",
      title          = "{FastJet user manual}",
      journal        = "Eur. Phys. J. C",
      volume         = "72",
      pages          = "1896",
      doi            = "10.1140/epjc/s10052-012-1896-2",
      year           = "2012",
      eprint         = "1111.6097",
      archivePrefix  = "arXiv",
      primaryClass   = "hep-ph",
      reportNumber   = "CERN-PH-TH-2011-297",
      SLACcitation   = "%%CITATION = ARXIV:1111.6097;%%",
}

@article{CMS:EGM-14-001,
      author         = "Khachatryan, Vardan and others",
      title          = "{Performance of photon reconstruction and identification 
                         with the CMS detector in proton-proton collisions at 
                         $\sqrt{s} = 8$\TeV}",
      collaboration  = "CMS",
      journal        = "JINST",
      volume         = "10",
      pages          = "P08010",
      doi            = "10.1088/1748-0221/10/08/P08010",
      year           = "2015",
      eprint         = "1502.02702",
      archivePrefix  = "arXiv",
      primaryClass   = "physics.ins-det",
      reportNumber   = "CMS-EGM-14-001, CERN-PH-EP-2015-006",
      SLACcitation   = "%%CITATION = ARXIV:1502.02702;%%",
}


@misc{website:simuBasics,
      author = "Mike Hildreth",
      title = "Simulation Basics,",
      howpublished = "\url{https://indico.cern.ch/event/596660/contributions/2412428/attachments/1411446/2159057/Simulation_Basics_2_17.pdf}"
}

@article{Lefebure:1364020,
      author        = "Lefebure, Véronique and Geneva, CERN and  Switzerland",
      title         = "{CMS Simulation Software Using Geant4:  Hits and Sensitive
                       Detectors }",
      month         = "Dec",
      year          = "1999",
      reportNumber  = "CMS-IN-1999-054",
      url           = "https://cds.cern.ch/record/1364020",
}

@article{Banerjee:2007zz,
      author         = "Banerjee, Sunanda",
      title          = "{Readiness of CMS Simulation Towards LHC Startup}",
      booktitle      = "{Proceedings, 16th International Conference on Computing
                        in High Energy and Nuclear Physics (CHEP 2007): Victoria,
                        Canada, September 2-7, 2007}",
      journal        = "J. Phys. Conf. Ser.",
      volume         = "119",
      year           = "2008",
      pages          = "032006",
      doi            = "10.1088/1742-6596/119/3/032006",
      reportNumber   = "CMS-CR-2008-003, FERMILAB-CONF-07-612-CD",
      SLACcitation   = "%%CITATION = 00462,119,032006;%%"
}

@article{Hildreth:2017vpw,
      author         = "Hildreth, M. and Ivanchenko, V. N. and Lange, D. J.",
      title          = "{Upgrades for the CMS simulation}",
      booktitle      = "{Proceedings, 22nd International Conference on Computing
                        in High Energy and Nuclear Physics (CHEP2016): San
                        Francisco, CA, October 14-16, 2016}",
      collaboration  = "CMS",
      journal        = "J. Phys. Conf. Ser.",
      volume         = "898",
      year           = "2017",
      number         = "4",
      pages          = "042040",
      doi            = "10.1088/1742-6596/898/4/042040",
      SLACcitation   = "%%CITATION = 00462,898,042040;%%"
}

@article{Sekmen:2017hzs,
      author         = "Sekmen, Sezen",
      title          = "{Recent Developments in CMS Fast Simulation}",
      booktitle      = "{Proceedings, 38th International Conference on High
                        Energy Physics (ICHEP 2016): Chicago, IL, USA, August
                        3-10, 2016}",
      collaboration  = "CMS",
      journal        = "PoS",
      volume         = "ICHEP2016",
      year           = "2016",
      pages          = "181",
      eprint         = "1701.03850",
      archivePrefix  = "arXiv",
      primaryClass   = "physics.ins-det",
      SLACcitation   = "%%CITATION = ARXIV:1701.03850;%%"
}


@article{Lefebure:1999wja,
      author         = "Lefébure, Véronique and Banerjee, Sudeshna and
                        González, I.",
      title          = "{CMS Simulation Software Using Geant4}",
      year           = "1999",
      reportNumber   = "CMS-NOTE-1999-072, CERN-CMS-NOTE-1999-072",
      SLACcitation   = "%%CITATION = CMS-NOTE-1999-072;%%"
}

@article{CMS:2010spa,
      title          = "{Comparison of the Fast Simulation of CMS with the first
                        LHC data}",
      collaboration  = "CMS",
      year           = "2010",
      reportNumber   = "CMS-DP-2010-039, CERN-CMS-DP-2010-039",
      SLACcitation   = "%%CITATION = CMS-DP-2010-039;%%"
}
@article{Hildreth:2015kps,
      author         = "Hildreth, M. and Ivanchenko, V. N. and Lange, D. J. and
                        Kortelainen, M. J.",
      title          = "{CMS Full Simulation for Run-2}",
      booktitle      = "{Proceedings, 21st International Conference on Computing
                        in High Energy and Nuclear Physics (CHEP 2015): Okinawa,
                        Japan, April 13-17, 2015}",
      journal        = "J. Phys. Conf. Ser.",
      volume         = "664",
      year           = "2015",
      number         = "7",
      pages          = "072022",
      doi            = "10.1088/1742-6596/664/7/072022",
      SLACcitation   = "%%CITATION = 00462,664,072022;%%"
}

@article{Giammanco:2014bza,
      author         = "Giammanco, Andrea",
      title          = "{The Fast Simulation of the CMS Experiment}",
      booktitle      = "{Proceedings, 20th International Conference on Computing
                        in High Energy and Nuclear Physics (CHEP 2013): Amsterdam,
                        The Netherlands, October 14-18, 2013}",
      journal        = "J. Phys. Conf. Ser.",
      volume         = "513",
      year           = "2014",
      pages          = "022012",
      doi            = "10.1088/1742-6596/513/2/022012",
      SLACcitation   = "%%CITATION = 00462,513,022012;%%"
}

@misc{website:generation,
      author = "CMS Collaboration",
      title = "Generating events,",
      howpublished = "\url{https://twiki.cern.ch/twiki/bin/view/CMSPublic/WorkBookGeneration}"
}

@misc{website:generationIntro,
      author = "CMS Collaboration",
      title = "Generating events,",
      howpublished = "\url{https://twiki.cern.ch/twiki/bin/view/CMSPublic/WorkBookGenIntro}"
}

@article{Sjostrand:2014zea,
      author         = "Sjöstrand, Torbjörn and Ask, Stefan and Christiansen,
                        Jesper R. and Corke, Richard and Desai, Nishita and Ilten,
                        Philip and Mrenna, Stephen and Prestel, Stefan and
                        Rasmussen, Christine O. and Skands, Peter Z.",
      title          = "{An Introduction to PYTHIA 8.2}",
      journal        = "Comput. Phys. Commun.",
      volume         = "191",
      year           = "2015",
      pages          = "159-177",
      doi            = "10.1016/j.cpc.2015.01.024",
      eprint         = "1410.3012",
      archivePrefix  = "arXiv",
      primaryClass   = "hep-ph",
      reportNumber   = "LU-TP-14-36, MCNET-14-22, CERN-PH-TH-2014-190,
                        FERMILAB-PUB-14-316-CD, DESY-14-178, SLAC-PUB-16122",
      SLACcitation   = "%%CITATION = ARXIV:1410.3012;%%"
}

@article{Bahr:2008pv,
      author         = "Bahr, M. and others",
      title          = "{Herwig++ Physics and Manual}",
      journal        = "Eur. Phys. J.",
      volume         = "C58",
      year           = "2008",
      pages          = "639-707",
      doi            = "10.1140/epjc/s10052-008-0798-9",
      eprint         = "0803.0883",
      archivePrefix  = "arXiv",
      primaryClass   = "hep-ph",
      reportNumber   = "CERN-PH-TH-2008-038, CAVENDISH-HEP-08-03, KA-TP-05-2008,
                        DCPT-08-22, IPPP-08-11, CP3-08-05",
      SLACcitation   = "%%CITATION = ARXIV:0803.0883;%%"
}

@article{Oleari:2010nx,
      author         = "Oleari, Carlo",
      title          = "{The POWHEG-BOX}",
      booktitle      = "{Proceedings,  10th DESY Workshop on Elementary Particle
                        Theory: Loops and Legs in Quantum Field Theory: Woerlitz,
                        Germany, April 25-30, 2010}",
      journal        = "Nucl. Phys. Proc. Suppl.",
      volume         = "205-206",
      year           = "2010",
      pages          = "36-41",
      doi            = "10.1016/j.nuclphysbps.2010.08.016",
      eprint         = "1007.3893",
      archivePrefix  = "arXiv",
      primaryClass   = "hep-ph",
      SLACcitation   = "%%CITATION = ARXIV:1007.3893;%%"
}

@article{Alwall:2014hca,
      author         = "Alwall, J. and Frederix, R. and Frixione, S. and Hirschi,
                        V. and Maltoni, F. and Mattelaer, O. and Shao, H. -S. and
                        Stelzer, T. and Torrielli, P. and Zaro, M.",
      title          = "{The automated computation of tree-level and
                        next-to-leading order differential cross sections, and
                        their matching to parton shower simulations}",
      journal        = "JHEP",
      volume         = "07",
      year           = "2014",
      pages          = "079",
      doi            = "10.1007/JHEP07(2014)079",
      eprint         = "1405.0301",
      archivePrefix  = "arXiv",
      primaryClass   = "hep-ph",
      reportNumber   = "CERN-PH-TH-2014-064, CP3-14-18, LPN14-066, MCNET-14-09,
                        ZU-TH-14-14",
      SLACcitation   = "%%CITATION = ARXIV:1405.0301;%%"
}

@article{Boudoul:2015bkp,
      author         = "Boudoul, G. and Franzoni, G. and Norkus, A. and Pol, A.
                        and Srimanobhas, P. and Vlimant, J. R.",
      title          = "{Monte Carlo Production Management at CMS}",
      booktitle      = "{Proceedings, 21st International Conference on Computing
                        in High Energy and Nuclear Physics (CHEP 2015): Okinawa,
                        Japan, April 13-17, 2015}",
      journal        = "J. Phys. Conf. Ser.",
      volume         = "664",
      year           = "2015",
      number         = "7",
      pages          = "072018",
      doi            = "10.1088/1742-6596/664/7/072018",
      reportNumber   = "CMS-CR-2015-065",
      SLACcitation   = "%%CITATION = 00462,664,072018;%%"
}


@article{Abdullin:2011zz,
      author         = "Abdullin, S. and Azzi, P. and Beaudette, F. and Janot, P.
                        and Perrotta, A.",
      title          = "{The fast simulation of the CMS detector at LHC}",
      booktitle      = "{Proceedings, 18th International Conference on Computing
                        in High Energy and Nuclear Physics (CHEP 2010): Taipei,
                        Taiwan, October 18-22, 2010}",
      collaboration  = "CMS",
      journal        = "J. Phys. Conf. Ser.",
      volume         = "331",
      year           = "2011",
      pages          = "032049",
      doi            = "10.1088/1742-6596/331/3/032049",
      reportNumber   = "FERMILAB-PUB-11-814-CMS",
      SLACcitation   = "%%CITATION = 00462,331,032049;%%"
}

@misc{website:simdigi,
      author = "CMS Collaboration",
      title = "How to Configure and Run Detector Simulation and Digitization",
      howpublished = "\url{https://twiki.cern.ch/twiki/bin/view/CMSPublic/WorkBookSimDigi}"
}

@techreport{Delaere:1061284,
      author        = "Delaere, Christophe and Mirabito, Laurent",
      title         = "{Timing of the CMS tracker: Study of module properties}",
      institution   = "CERN",
      address       = "Geneva",
      number        = "CMS-NOTE-2007-027",
      month         = "Oct",
      year          = "2007",
      reportNumber  = "CMS-NOTE-2007-027",
      url           = "https://cds.cern.ch/record/1061284",
}

@misc{website:vfp,
      author = "Erik Butz",
      title = "Mitigation of the Strip Tracker Dynamic Inefficiency",
      howpublished = "\url{https://indico.cern.ch/event/560226/contributions/2277448/attachments/1324704/1988050/wgm_vfp_change_ebutz.pdf}"
}

@misc{website:backplane,
      author = "Andrea Venturi",
      title = "SiStrip Back Plane Correction Analysis",
      howpublished = "\url{https://twiki.cern.ch/twiki/bin/viewauth/CMS/BackPlaneCorrections}"
}

@misc{website:trigger,
      author = "Mia Tosi",
      title = "CDC trigger",
      howpublished = "\url{https://its.cern.ch/jira/browse/CMSLITDPG-74}"
}

@article{Chatrchyan:2009ig,
      author         = "Chatrchyan, S and others",
      title          = "{Performance of the CMS Drift-Tube Local Trigger with
                        Cosmic Rays}",
      collaboration  = "CMS",
      journal        = "JINST",
      volume         = "5",
      year           = "2010",
      pages          = "T03003",
      doi            = "10.1088/1748-0221/5/03/T03003",
      eprint         = "0911.4893",
      archivePrefix  = "arXiv",
      primaryClass   = "physics.ins-det",
      reportNumber   = "CMS-CFT-09-022",
      SLACcitation   = "%%CITATION = ARXIV:0911.4893;%%"
}

@article{Agostinelli:2002hh,
      author         = "Agostinelli, S. and others",
      title          = "{GEANT4: A Simulation toolkit}",
      collaboration  = "GEANT4",
      journal        = "Nucl. Instrum. Meth.",
      volume         = "A506",
      year           = "2003",
      pages          = "250-303",
      doi            = "10.1016/S0168-9002(03)01368-8",
      reportNumber   = "SLAC-PUB-9350, FERMILAB-PUB-03-339",
      SLACcitation   = "%%CITATION = NUIMA,A506,250;%%"
}

@article{tHooft:1971qjg,
      author         = "'t Hooft, Gerard",
      title          = "{Renormalizable Lagrangians for Massive Yang-Mills
                        Fields}",
      journal        = "Nucl. Phys.",
      volume         = "B35",
      year           = "1971",
      pages          = "167-188",
      doi            = "10.1016/0550-3213(71)90139-8",
      note           = "[,201(1971)]",
      SLACcitation   = "%%CITATION = NUPHA,B35,167;%%"
}

@article{Weinberg:1967tq,
      author         = "Weinberg, Steven",
      title          = "{A Model of Leptons}",
      journal        = "Phys. Rev. Lett.",
      volume         = "19",
      year           = "1967",
      pages          = "1264-1266",
      doi            = "10.1103/PhysRevLett.19.1264",
      SLACcitation   = "%%CITATION = PRLTA,19,1264;%%"
}

@article{Yang:1954ek,
      author         = "Yang, Chen-Ning and Mills, Robert L.",
      title          = "{Conservation of Isotopic Spin and Isotopic Gauge
                        Invariance}",
      journal        = "Phys. Rev.",
      volume         = "96",
      year           = "1954",
      pages          = "191-195",
      doi            = "10.1103/PhysRev.96.191",
      note           = "[,150(1954)]",
      SLACcitation   = "%%CITATION = PHRVA,96,191;%%"
}

@article{Goldstone:1961eq,
      author         = "Goldstone, J.",
      title          = "{Field Theories with Superconductor Solutions}",
      journal        = "Nuovo Cim.",
      volume         = "19",
      year           = "1961",
      pages          = "154-164",
      doi            = "10.1007/BF02812722",
      SLACcitation   = "%%CITATION = NUCIA,19,154;%%"
}

@article{Englert:1964et,
      author         = "Englert, F. and Brout, R.",
      title          = "{Broken Symmetry and the Mass of Gauge Vector Mesons}",
      journal        = "Phys. Rev. Lett.",
      volume         = "13",
      year           = "1964",
      pages          = "321-323",
      doi            = "10.1103/PhysRevLett.13.321",
      note           = "[,157(1964)]",
      SLACcitation   = "%%CITATION = PRLTA,13,321;%%"
}

@article{Higgs:1964ia,
      author         = "Higgs, Peter W.",
      title          = "{Broken symmetries, massless particles and gauge fields}",
      journal        = "Phys. Lett.",
      volume         = "12",
      year           = "1964",
      pages          = "132-133",
      doi            = "10.1016/0031-9163(64)91136-9",
      SLACcitation   = "%%CITATION = PHLTA,12,132;%%"
}

@article{Guralnik:1964eu,
      author         = "Guralnik, G. S. and Hagen, C. R. and Kibble, T. W. B.",
      title          = "{Global Conservation Laws and Massless Particles}",
      journal        = "Phys. Rev. Lett.",
      volume         = "13",
      year           = "1964",
      pages          = "585-587",
      doi            = "10.1103/PhysRevLett.13.585",
      note           = "[,162(1964)]",
      SLACcitation   = "%%CITATION = PRLTA,13,585;%%"
}

@article{Higgs:1966ev,
      author         = "Higgs, Peter W.",
      title          = "{Spontaneous Symmetry Breakdown without Massless Bosons}",
      journal        = "Phys. Rev.",
      volume         = "145",
      year           = "1966",
      pages          = "1156-1163",
      doi            = "10.1103/PhysRev.145.1156",
      SLACcitation   = "%%CITATION = PHRVA,145,1156;%%"
}

@article{Higgs:1964pj,
      author         = "Higgs, Peter W.",
      title          = "{Broken Symmetries and the Masses of Gauge Bosons}",
      journal        = "Phys. Rev. Lett.",
      volume         = "13",
      year           = "1964",
      pages          = "508-509",
      doi            = "10.1103/PhysRevLett.13.508",
      note           = "[,160(1964)]",
      SLACcitation   = "%%CITATION = PRLTA,13,508;%%"
}

@article{Chatrchyan:2012xdj,
      author         = "Chatrchyan, Serguei and others",
      title          = "{Observation of a new boson at a mass of 125 GeV with the
                        CMS experiment at the LHC}",
      collaboration  = "CMS",
      journal        = "Phys. Lett.",
      volume         = "B716",
      year           = "2012",
      pages          = "30-61",
      doi            = "10.1016/j.physletb.2012.08.021",
      eprint         = "1207.7235",
      archivePrefix  = "arXiv",
      primaryClass   = "hep-ex",
      reportNumber   = "CMS-HIG-12-028, CERN-PH-EP-2012-220",
      SLACcitation   = "%%CITATION = ARXIV:1207.7235;%%"
}

@article{Aad:2012tfa,
      author         = "Aad, Georges and others",
      title          = "{Observation of a new particle in the search for the
                        Standard Model Higgs boson with the ATLAS detector at the
                        LHC}",
      collaboration  = "ATLAS",
      journal        = "Phys. Lett.",
      volume         = "B716",
      year           = "2012",
      pages          = "1-29",
      doi            = "10.1016/j.physletb.2012.08.020",
      eprint         = "1207.7214",
      archivePrefix  = "arXiv",
      primaryClass   = "hep-ex",
      reportNumber   = "CERN-PH-EP-2012-218",
      SLACcitation   = "%%CITATION = ARXIV:1207.7214;%%"
}

@book{9783527406012,
  Author = {David Griffiths},
  Title = {Introduction to Elementary Particles},
  Publisher = {Wiley-VCH},
  Year = {2008},
  ISBN = {3527406018},
}

@book{9783527411887,
  Author = {Michael Grinfeld (Editor)},
  Title = {Mathematical Tools for Physicists},
  Publisher = {Wiley-VCH},
  Year = {2015},
  ISBN = {978-3-527-41188-7},
  url            = "https://application.wiley-vch.de/books/sample/3527411887_c17.pdf",
}

@article{Glashow:1961tr,
      author         = "Glashow, S. L.",
      title          = "{Partial Symmetries of Weak Interactions}",
      journal        = "Nucl. Phys.",
      volume         = "22",
      year           = "1961",
      pages          = "579-588",
      doi            = "10.1016/0029-5582(61)90469-2",
      SLACcitation   = "%%CITATION = NUPHA,22,579;%%"
}

@article{Salam:1968rm,
      author         = "Salam, Abdus",
      title          = "{Weak and Electromagnetic Interactions}",
      booktitle      = "{8th Nobel Symposium Lerum, Sweden, May 19-25, 1968}",
      journal        = "Conf. Proc.",
      volume         = "C680519",
      year           = "1968",
      pages          = "367-377",
      SLACcitation   = "%%CITATION = CONFP,C680519,367;%%"
}


@article{Gross:1973id,
      author         = "Gross, David J. and Wilczek, Frank",
      title          = "{Ultraviolet Behavior of Nonabelian Gauge Theories}",
      journal        = "Phys. Rev. Lett.",
      volume         = "30",
      year           = "1973",
      pages          = "1343-1346",
      doi            = "10.1103/PhysRevLett.30.1343",
      note           = "[,271(1973)]",
      SLACcitation   = "%%CITATION = PRLTA,30,1343;%%"
}

@article{Wilson:1974sk,
      author         = "Wilson, Kenneth G.",
      title          = "{Confinement of Quarks}",
      journal        = "Phys. Rev.",
      volume         = "D10",
      year           = "1974",
      pages          = "2445-2459",
      doi            = "10.1103/PhysRevD.10.2445",
      note           = "[,319(1974)]",
      reportNumber   = "CLNS-262",
      SLACcitation   = "%%CITATION = PHRVA,D10,2445;%%"
}

@article{Bennett:2012zja,
      author         = "Bennett, C. L. and others",
      title          = "{Nine-Year Wilkinson Microwave Anisotropy Probe (WMAP)
                        Observations: Final Maps and Results}",
      collaboration  = "WMAP",
      journal        = "Astrophys. J. Suppl.",
      volume         = "208",
      year           = "2013",
      pages          = "20",
      doi            = "10.1088/0067-0049/208/2/20",
      eprint         = "1212.5225",
      archivePrefix  = "arXiv",
      primaryClass   = "astro-ph.CO",
      SLACcitation   = "%%CITATION = ARXIV:1212.5225;%%"
}

@article{Gaitskell:2004gd,
      author         = "Gaitskell, R. J.",
      title          = "{Direct detection of dark matter}",
      journal        = "Ann. Rev. Nucl. Part. Sci.",
      volume         = "54",
      year           = "2004",
      pages          = "315-359",
      doi            = "10.1146/annurev.nucl.54.070103.181244",
      SLACcitation   = "%%CITATION = ARNUA,54,315;%%"
}

@article{Bertone:2004pz,
      author         = "Bertone, Gianfranco and Hooper, Dan and Silk, Joseph",
      title          = "{Particle dark matter: Evidence, candidates and
                        constraints}",
      journal        = "Phys. Rept.",
      volume         = "405",
      year           = "2005",
      pages          = "279-390",
      doi            = "10.1016/j.physrep.2004.08.031",
      eprint         = "hep-ph/0404175",
      archivePrefix  = "arXiv",
      primaryClass   = "hep-ph",
      reportNumber   = "FERMILAB-PUB-04-047-A",
      SLACcitation   = "%%CITATION = HEP-PH/0404175;%%"
}

@article{Fukuda:1998mi,
      author         = "Fukuda, Y. and others",
      title          = "{Evidence for oscillation of atmospheric neutrinos}",
      collaboration  = "Super-Kamiokande",
      journal        = "Phys. Rev. Lett.",
      volume         = "81",
      year           = "1998",
      pages          = "1562-1567",
      doi            = "10.1103/PhysRevLett.81.1562",
      eprint         = "hep-ex/9807003",
      archivePrefix  = "arXiv",
      primaryClass   = "hep-ex",
      reportNumber   = "BU-98-17, ICRR-REPORT-422-98-18, UCI-98-8,
                        KEK-PREPRINT-98-95, LSU-HEPA-5-98, UMD-98-003, SBHEP-98-5,
                        TKU-PAP-98-06, TIT-HPE-98-09",
      SLACcitation   = "%%CITATION = HEP-EX/9807003;%%"
}

@article{Ahmad:2001an,
      author         = "Ahmad, Q. R. and others",
      title          = "{Measurement of the rate of $\nu_e+d \to p+p+e^-$
                        interactions produced by $^8B$ solar neutrinos at the
                        Sudbury Neutrino Observatory}",
      collaboration  = "SNO",
      journal        = "Phys. Rev. Lett.",
      volume         = "87",
      year           = "2001",
      pages          = "071301",
      doi            = "10.1103/PhysRevLett.87.071301",
      eprint         = "nucl-ex/0106015",
      archivePrefix  = "arXiv",
      primaryClass   = "nucl-ex",
      reportNumber   = "UPR-0240E",
      SLACcitation   = "%%CITATION = NUCL-EX/0106015;%%"
}

@article{Nishino:2009aa,
      author         = "Nishino, H. and others",
      title          = "{Search for Proton Decay via p ---> e+ pi0 and p ---> mu+
                        pi0 in a Large Water Cherenkov Detector}",
      collaboration  = "Super-Kamiokande",
      journal        = "Phys. Rev. Lett.",
      volume         = "102",
      year           = "2009",
      pages          = "141801",
      doi            = "10.1103/PhysRevLett.102.141801",
      eprint         = "0903.0676",
      archivePrefix  = "arXiv",
      primaryClass   = "hep-ex",
      SLACcitation   = "%%CITATION = ARXIV:0903.0676;%%"
}

@article{Martin:1997ns,
      author         = "Martin, Stephen P.",
      title          = "{A Supersymmetry primer}",
      year           = "1997",
      pages          = "1-98",
      doi            = "10.1142/9789812839657_0001, 10.1142/9789814307505_0001",
      note           = "[Adv. Ser. Direct. High Energy Phys.18,1(1998)]",
      eprint         = "hep-ph/9709356",
      archivePrefix  = "arXiv",
      primaryClass   = "hep-ph",
      reportNumber   = "FERMILAB-PUB-97-425-T",
      SLACcitation   = "%%CITATION = HEP-PH/9709356;%%"
}

@article{Alves:2011wf,
      author         = "Alves, Daniele",
      editor         = "Arkani-Hamed, Nima and Arora, Sanjay and Bai, Yang and
                        Baumgart, Matthew and Berger, Joshua and Buckley, Matthew
                        and Butler, Bart and Chang, Spencer and Cheng, Hsin-Chia
                        and Cheung, Clifford and others ",
      title          = "{Simplified Models for LHC New Physics Searches}",
      collaboration  = "LHC New Physics Working Group",
      journal        = "J. Phys.",
      volume         = "G39",
      year           = "2012",
      pages          = "105005",
      doi            = "10.1088/0954-3899/39/10/105005",
      eprint         = "1105.2838",
      archivePrefix  = "arXiv",
      primaryClass   = "hep-ph",
      reportNumber   = "SLAC-PUB-15045, FERMILAB-PUB-11-842-A-PPD",
      SLACcitation   = "%%CITATION = ARXIV:1105.2838;%%"
}



@article{Ade:2015xua,
      author         = "Ade, P. A. R. and others",
      title          = "{Planck 2015 results. XIII. Cosmological parameters}",
      collaboration  = "Planck",
      journal        = "Astron. Astrophys.",
      volume         = "594",
      year           = "2016",
      pages          = "A13",
      doi            = "10.1051/0004-6361/201525830",
      eprint         = "1502.01589",
      archivePrefix  = "arXiv",
      primaryClass   = "astro-ph.CO",
      SLACcitation   = "%%CITATION = ARXIV:1502.01589;%%"
}

@article{Alwall:2008ag,
      author         = "Alwall, Johan and Schuster, Philip and Toro, Natalia",
      title          = "{Simplified Models for a First Characterization of New
                        Physics at the LHC}",
      journal        = "Phys. Rev.",
      volume         = "D79",
      year           = "2009",
      pages          = "075020",
      doi            = "10.1103/PhysRevD.79.075020",
      eprint         = "0810.3921",
      archivePrefix  = "arXiv",
      primaryClass   = "hep-ph",
      reportNumber   = "SLAC-PUB-13425, SU-ITP-08-24",
      SLACcitation   = "%%CITATION = ARXIV:0810.3921;%%"
}

@article{Chatrchyan:2013sza,
      author         = "Chatrchyan, Serguei and others",
      title          = "{Interpretation of Searches for Supersymmetry with
                        simplified Models}",
      collaboration  = "CMS",
      journal        = "Phys. Rev.",
      volume         = "D88",
      year           = "2013",
      number         = "5",
      pages          = "052017",
      doi            = "10.1103/PhysRevD.88.052017",
      eprint         = "1301.2175",
      archivePrefix  = "arXiv",
      primaryClass   = "hep-ex",
      reportNumber   = "CMS-SUS-11-016, CERN-PH-EP-2012-351",
      SLACcitation   = "%%CITATION = ARXIV:1301.2175;%%"
}

@article{Patrignani:2016xqp,
      author         = "Patrignani, C. and others",
      title          = "{Review of Particle Physics}",
      collaboration  = "Particle Data Group",
      journal        = "Chin. Phys.",
      volume         = "C40",
      year           = "2016",
      number         = "10",
      pages          = "100001",
      doi            = "10.1088/1674-1137/40/10/100001",
      SLACcitation   = "%%CITATION = CHPHD,C40,100001;%%",
      howpublished = "\url{http://pdg.lbl.gov/2017/reviews/rpp2017-rev-extra-dimensions.pdf}"
}

@article{Haag:1974qh,
      author         = "Haag, Rudolf and Lopuszanski, Jan T. and Sohnius, Martin",
      title          = "{All Possible Generators of Supersymmetries of the s
                        Matrix}",
      journal        = "Nucl. Phys.",
      volume         = "B88",
      year           = "1975",
      pages          = "257",
      doi            = "10.1016/0550-3213(75)90279-5",
      note           = "[,257(1974)]",
      reportNumber   = "Print-74-1630 (KARLSRUHE)",
      SLACcitation   = "%%CITATION = NUPHA,B88,257;%%"
}

@article{Coleman:1967ad,
      author         = "Coleman, Sidney R. and Mandula, J.",
      title          = "{All Possible Symmetries of the S Matrix}",
      booktitle      = "{Hadrons and their Interactions: Current and Field
                        Algebra, Soft Pions, Supermultiplets, and Related Topics}",
      journal        = "Phys. Rev.",
      volume         = "159",
      year           = "1967",
      pages          = "1251-1256",
      doi            = "10.1103/PhysRev.159.1251",
      SLACcitation   = "%%CITATION = PHRVA,159,1251;%%"
}
